<record><leader>00000cas a22000007a 4500</leader><controlfield tag="001">22474203</controlfield><controlfield tag="008">901005d18961963maudr ne      0    0eng d</controlfield><datafield ind1=" " ind2=" " tag="010"><subfield code="a">sn 89062418 </subfield></datafield><datafield ind1=" " ind2=" " tag="040"><subfield code="a">MGN</subfield><subfield code="b">eng</subfield><subfield code="c">MGN</subfield><subfield code="d">OCLCQ</subfield></datafield><datafield ind1=" " ind2=" " tag="042"><subfield code="a">msc</subfield></datafield><datafield ind1="0" ind2="0" tag="245"><subfield code="a">Leominster daily enterprise.</subfield></datafield><datafield ind1=" " ind2=" " tag="260"><subfield code="a">Leominster, Mass. :</subfield><subfield code="b">J.D. Miller Co.</subfield></datafield><datafield ind1=" " ind2=" " tag="300"><subfield code="a">v.</subfield></datafield><datafield ind1=" " ind2=" " tag="310"><subfield code="a">Daily (except Sun.)</subfield></datafield><datafield ind1="1" ind2=" " tag="362"><subfield code="a">Began Jan. 1896?</subfield></datafield><datafield ind1="0" ind2=" " tag="362"><subfield code="a">-v. 68, no. 262 (Oct. 12, 1963).</subfield></datafield><datafield ind1=" " ind2=" " tag="580"><subfield code="a">Weekly ed.: Leominster enterprise (Leominster, Mass. : Weekly), 1896-&lt;1903&gt;.</subfield></datafield><datafield ind1=" " ind2=" " tag="588"><subfield code="a">Description based on : vol. 9, no. 23, (Jan. 1, 1904).</subfield></datafield><datafield ind1=" " ind2=" " tag="752"><subfield code="a">United States</subfield><subfield code="b">Massachusetts</subfield><subfield code="c">Worcester</subfield><subfield code="d">Leominster.</subfield></datafield><datafield ind1="1" ind2=" " tag="775"><subfield code="t">Leominster enterprise (Leominster, Mass. : Weekly)</subfield><subfield code="w">(DLC)sn 83020550</subfield></datafield><datafield ind1="0" ind2="0" tag="785"><subfield code="t">Leominster enterprise (Leominster, Mass. : Daily)</subfield><subfield code="w">(DLC)sn 89062419</subfield></datafield><datafield ind1="1" ind2=" " tag="029"><subfield code="a">AU@</subfield><subfield code="b">000025851139</subfield></datafield></record>